<?xml version="1.0" encoding="UTF-8"?><collection xmlns="http://www.loc.gov/MARC21/slim"><record><leader>00444nam--2200145-i-4500</leader><controlfield tag="001">000031380</controlfield><controlfield tag="002">20161230</controlfield><controlfield tag="005">20161230201038</controlfield><controlfield tag="008">060222s1000------------r-----000-0-eng-d</controlfield><datafield ind1=" " ind2=" " tag="080"><subfield code="a">517.9</subfield></datafield><datafield ind1="1" ind2=" " tag="100"><subfield code="a">Mclachlan, N.W</subfield></datafield><datafield ind1="1" ind2="0" tag="245"><subfield code="a">Ordinary non-linear differential equations in engineering and physical sciences.2-nd edition</subfield></datafield><datafield ind1=" " ind2=" " tag="260"><subfield code="a">Oxford, At The Clarendon Press, 1956. Viii + 271p</subfield></datafield><datafield ind1=" " ind2=" " tag="852"><subfield code="a">12783</subfield><subfield code="c">517.9</subfield></datafield><datafield ind1=" " ind2=" " tag="CAT"><subfield code="a">Sys</subfield><subfield code="c">20080929</subfield><subfield code="h">103143</subfield></datafield></record></collection>